<record><leader>00000cas a2200000 a 4500</leader><controlfield tag="001">38972481</controlfield><controlfield tag="007">hd afv---baca</controlfield><controlfield tag="007">hd bfv---baaa</controlfield><controlfield tag="007">hd bfv---baba</controlfield><controlfield tag="008">980417d18241837ctuwr nea     0    0eng c</controlfield><datafield ind1=" " ind2=" " tag="010"><subfield code="a">sn 98016163 </subfield></datafield><datafield ind1=" " ind2=" " tag="040"><subfield code="a">ATL</subfield><subfield code="b">eng</subfield><subfield code="c">ATL</subfield><subfield code="d">OCL</subfield><subfield code="d">OCLCQ</subfield><subfield code="d">UKMGB</subfield><subfield code="d">OCLCQ</subfield><subfield code="d">OCLCF</subfield><subfield code="d">OCLCO</subfield></datafield><datafield ind1="7" ind2=" " tag="016"><subfield code="a">013935839</subfield><subfield code="2">Uk</subfield></datafield><datafield ind1="1" ind2=" " tag="029"><subfield code="a">AU@</subfield><subfield code="b">000013902834</subfield></datafield><datafield ind1=" " ind2=" " tag="042"><subfield code="a">pcc</subfield></datafield><datafield ind1=" " ind2=" " tag="043"><subfield code="a">n-us-ct</subfield></datafield><datafield ind1="1" ind2="4" tag="050"><subfield code="a">BX6201</subfield></datafield><datafield ind1="0" ind2=" " tag="130"><subfield code="a">Christian secretary (Hartford, Conn. : 1824)</subfield></datafield><datafield ind1="1" ind2="0" tag="245"><subfield code="a">Christian secretary</subfield><subfield code="h">[microform].</subfield></datafield><datafield ind1=" " ind2=" " tag="260"><subfield code="a">Hartford :</subfield><subfield code="b">Published by Philemon Canfield for the Connecticut Baptist Convention,</subfield><subfield code="c">-1837.</subfield></datafield><datafield ind1=" " ind2=" " tag="300"><subfield code="a">16 v.</subfield></datafield><datafield ind1=" " ind2=" " tag="310"><subfield code="a">Weekly</subfield></datafield><datafield ind1="1" ind2=" " tag="362"><subfield code="a">Began with vol. 1, no. 1 (Feb. 3, 1824).</subfield></datafield><datafield ind1="0" ind2=" " tag="362"><subfield code="a">-v. 16, no. 26 (July 8, 1837).</subfield></datafield><datafield ind1=" " ind2=" " tag="515"><subfield code="a">Vol. 6-7 omitted from numbering.</subfield></datafield><datafield ind1=" " ind2=" " tag="515"><subfield code="a">Contains numerous numbering inconsistencies.</subfield></datafield><datafield ind1=" " ind2=" " tag="515"><subfield code="a">Issues for Jan. 24, 1829-July 8, 1837 called whole no. 365-806.</subfield></datafield><datafield ind1=" " ind2=" " tag="588"><subfield code="a">Description based on: Vol. 1, no. 2 (Feb. 10, 1824).</subfield></datafield><datafield ind1=" " ind2=" " tag="533"><subfield code="a">Microfilm.</subfield><subfield code="m">v.1-16 (1824-1837):[Lacks:v.1:no. 1,3;v.2:no. 10:p.3-4:no. 39;v.9:no. 45]</subfield><subfield code="b">Evanston, Ill. :</subfield><subfield code="c">American Theological Library Association,</subfield><subfield code="d">1981.</subfield><subfield code="e">4 microfilm reels ; 35 mm.</subfield><subfield code="f">(ATLA serials preservation program ; ATLA film R0130B).</subfield><subfield code="n">Reel 1 includes previous title and Reel 4 includes some vols. of succeeding title.</subfield></datafield><datafield ind1=" " ind2="0" tag="650"><subfield code="a">Baptists</subfield><subfield code="z">Connecticut</subfield><subfield code="v">Newspapers.</subfield></datafield><datafield ind1=" " ind2="0" tag="651"><subfield code="a">Hartford (Conn.)</subfield><subfield code="v">Newspapers.</subfield></datafield><datafield ind1=" " ind2="7" tag="655"><subfield code="a">Newspapers.</subfield><subfield code="2">fast</subfield><subfield code="0">(OCoLC)fst01423814</subfield></datafield><datafield ind1=" " ind2="7" tag="650"><subfield code="a">Baptists.</subfield><subfield code="2">fast</subfield><subfield code="0">(OCoLC)fst00827285</subfield></datafield><datafield ind1=" " ind2="7" tag="651"><subfield code="a">Connecticut.</subfield><subfield code="2">fast</subfield><subfield code="0">(OCoLC)fst01205688</subfield></datafield><datafield ind1=" " ind2="7" tag="651"><subfield code="a">Connecticut</subfield><subfield code="z">Hartford.</subfield><subfield code="2">fast</subfield><subfield code="0">(OCoLC)fst01207441</subfield></datafield><datafield ind1="2" ind2=" " tag="710"><subfield code="a">Connecticut Baptist Convention.</subfield></datafield><datafield ind1=" " ind2=" " tag="752"><subfield code="a">United States</subfield><subfield code="b">Connecticut</subfield><subfield code="c">Hartford</subfield><subfield code="d">Hartford.</subfield></datafield><datafield ind1="1" ind2=" " tag="776"><subfield code="c">Original</subfield><subfield code="w">(DLC)sn 98016162</subfield><subfield code="w">(OCoLC)38972070</subfield></datafield><datafield ind1="0" ind2="0" tag="780"><subfield code="t">Christian secretary (Hartford, Conn. : 1822)</subfield><subfield code="w">(DLC)sn 98016161</subfield><subfield code="w">(OCoLC)38972508</subfield></datafield><datafield ind1="0" ind2="0" tag="785"><subfield code="t">Christian secretary (Hartford, Conn. : 1838)</subfield><subfield code="w">(DLC)sn 98016164</subfield><subfield code="w">(OCoLC)38973898</subfield></datafield><datafield ind1=" " ind2="0" tag="830"><subfield code="a">ATLA serials preservation program ;</subfield><subfield code="v">ATLA film R0130B.</subfield></datafield></record>